19110009074191≤º∂ﬁ∑º∫≥‹›∂                             11070187ÿ’≥∑’≥∑ﬁ›∫≥    703‘¥‘œº√›        00000000                 
20187ÿ’≥∑’≥∑ﬁ›∫≥    201                   10583113±ÿ œ ¿œ∑                      00000267280201620162016000100820    0008
20187ÿ’≥∑’≥∑ﬁ›∫≥    601                   10395962º”ºﬁ π≤∫≥                     00000276370201620162016000101220    0008
20187ÿ’≥∑’≥∑ﬁ›∫≥    703                   10525408≈∂—◊ œ¿ºπﬁ                    00000309710201620162016000100120    0008
20187ÿ’≥∑’≥∑ﬁ›∫≥    703                   10181137Ã∏Œ≥ƒﬁ≥ÀﬁŸ Ω≈∂ﬁ‹ ÷º’∑         00000735700201620162016000100130    0008
20187ÿ’≥∑’≥∑ﬁ›∫≥    703                   10678840¿π≥¡ π›ºﬁ                     00000277450201620162016000100240    0008
20187ÿ’≥∑’≥∑ﬁ›∫≥    703                   10284682ª∑ºœ∂ﬁΩ                       00002990130201620162016000100290    0008
20187ÿ’≥∑’≥∑ﬁ›∫≥    703                   10233901≥◊ ◊ ¥≤                       00000291470201620162016000100320    0008
20187ÿ’≥∑’≥∑ﬁ›∫≥    703                   10008028‘œ¿ﬁ ÿ’≥≤¡                    00000295890201620162016000100330    0008
20187ÿ’≥∑’≥∑ﬁ›∫≥    703                   10197555≥¥ ◊ ∫≥æﬁ›                    00000293850201620162016000100350    0008
20187ÿ’≥∑’≥∑ﬁ›∫≥    703                   10909695’)÷≈ ◊¿¬π›º÷≥ºﬁ(¿ﬁ≤)÷≈ ◊œª∂¬  00000268470201620162016000100360    0008
20187ÿ’≥∑’≥∑ﬁ›∫≥    703                   10023130À∂ÿ√ﬁ›∑∫≥ºﬁ                   00000552890201620162016000100420    0008
20187ÿ’≥∑’≥∑ﬁ›∫≥    703                   10489367¿œº€ ∂Ωﬁ∫                     00000273780201620162016000100480    0008
20187ÿ’≥∑’≥∑ﬁ›∫≥    703                   10214633… ◊ æ≤¥≤                      00000291780201620162016000100530    0008
20187ÿ’≥∑’≥∑ﬁ›∫≥    703                   10170909—∂≤ –¥                        00000279640201620162016000100560    0008
20187ÿ’≥∑’≥∑ﬁ›∫≥    703                   10015918∏€ºœ ±‘∫                      00000321590201620162016000100660    0008
20187ÿ’≥∑’≥∑ﬁ›∫≥    703                   10452593∂›≈ Ã–¥                       00000240920201620162016000100840    0008
20187ÿ’≥∑’≥∑ﬁ›∫≥    703                   10146432∫ ∏ﬁ◊ À€…Ãﬁ                   00000730020201620162016000100870    0008
20187ÿ’≥∑’≥∑ﬁ›∫≥    703                   10323900∏€ºœ ¿πº                      00000517600201620162016000100970    0008
20187ÿ’≥∑’≥∑ﬁ›∫≥    703                   10327166‹¿≈Õﬁ ≤∏∫                     00000826130201620162016000101000    0008
20187ÿ’≥∑’≥∑ﬁ›∫≥    703                   10880186∑›ºﬁ÷≥ ±∂»                    00000268400201620162016000101181    0008
20187ÿ’≥∑’≥∑ﬁ›∫≥    703                   10082906∏∆≈∂ ª¿ﬁµ                     00000278400201620162016000101210    0008
20187ÿ’≥∑’≥∑ﬁ›∫≥    703                   10499807 √Ÿœ ¥≤æﬁ›                    00000272350201620162016000101230    0008
20187ÿ’≥∑’≥∑ﬁ›∫≥    703                   10000548≤º∂ﬁ∑ ƒºÀ∫                    00000268690201620162016000101300    0008
20187ÿ’≥∑’≥∑ﬁ›∫≥    703                   10026406º≤¿π∆º ≤ª—                    00000287040201620162016000101330    0008
20187ÿ’≥∑’≥∑ﬁ›∫≥    703                   10191002ª∏”ƒ  ºﬁ“                     00000195420201620162016000101491    0008
20187ÿ’≥∑’≥∑ﬁ›∫≥    703                   10327166‹¿≈Õﬁ ≤∏∫                     00000218630201620162016000101500    0008
20187ÿ’≥∑’≥∑ﬁ›∫≥    703                   10214962≥¥¡ œª¥                       00000180480201620162016000101510    0008
8000027000001201008000025000001154626000002000000046382                                                                 
19110000360389≤º∂ﬁ∑º∫≥‹›∂                             11070188µ∑≈‹∑ﬁ›∫≥      601‘¥‘œº√›        10000000                 
20188µ∑≈‹∑ﬁ›∫≥      314                   11804499∑›ºﬁÆ≥ ’¿∂                    00000288630201620162016000100550    0008
20188µ∑≈‹∑ﬁ›∫≥      601                   10072366» ◊ ∂Ωﬁ÷º                     00000258710201620162016000100020    0008
20188µ∑≈‹∑ﬁ›∫≥      601                   10933004‘¥‘œ∂≤≥›ÀﬁŸ                   00000325820201620162016000100040    0008
20188µ∑≈‹∑ﬁ›∫≥      601                   11384405µµ‘œ √Ÿµ                      00000286670201620162016000100340    0008
20188µ∑≈‹∑ﬁ›∫≥      601                   11558052’≥πﬁ›∂ﬁ≤º‘ ≤≈Ã∏º’ ›           00000819860201620162016000100400    0008
20188µ∑≈‹∑ﬁ›∫≥      601                   10076697µµ¿ œ”Ÿ                       00000258640201620162016000100520    0008
20188µ∑≈‹∑ﬁ›∫≥      601                   10021238≈∂ﬁ≤ ÷º∫                      00000282150201620162016000100540    0008
20188µ∑≈‹∑ﬁ›∫≥      601                   11753295∑›ºﬁ÷≥æ≤“›º÷ ∑›ºﬁ÷≥ ‘º        00000271700201620162016000100580    0008
20188µ∑≈‹∑ﬁ›∫≥      601                   11508892≥¥¿ ¿πº                       00000286890201620162016000100620    0008
20188µ∑≈‹∑ﬁ›∫≥      601                   11698202œ∑‘ ∏–∫                       00000267640201620162016000100640    0008
20188µ∑≈‹∑ﬁ›∫≥      601                   11153966≤ÿµ”√ ±≤∫                     00000246960201620162016000100690    0008
20188µ∑≈‹∑ﬁ›∫≥      601                   11614311≈∂œº÷≥√›                      00000244650201620162016000100740    0008
20188µ∑≈‹∑ﬁ›∫≥      601                   11262382µµª∑º÷≥ºﬁ                     00000291210201620162016000100750    0008
20188µ∑≈‹∑ﬁ›∫≥      601                   10030502∆ºªﬁƒ ƒ–                      00000187120201620162016000100800    0008
20188µ∑≈‹∑ﬁ›∫≥      601                   10027292≈∂ø» ¬ƒ—                      00000248360201620162016000100850    0008
20188µ∑≈‹∑ﬁ›∫≥      601                   10011983Ãºﬁ ◊ ÷º∫                     00000548470201620162016000100880    0008
20188µ∑≈‹∑ﬁ›∫≥      601                   10062919≤≈Ã∏º’ ›                      00000350780201620162016000100930    0008
20188µ∑≈‹∑ﬁ›∫≥      601                   10187475≈∂œ ºπﬁ±∑                     00000250330201620162016000100940    0008
20188µ∑≈‹∑ﬁ›∫≥      601                   11558052’≥πﬁ›∂ﬁ≤º‘ ≤≈Ã∏º’ ›           00001535820201620162016000100980    0008
20188µ∑≈‹∑ﬁ›∫≥      601                   11223130±ªÃﬁ∑ ƒ∏æ≤                    00000283470201620162016000101010    0008
20188µ∑≈‹∑ﬁ›∫≥      601                   11642884∆ºªﬁƒƒ÷∑¡                     00000263500201620162016000101090    0008
20188µ∑≈‹∑ﬁ›∫≥      601                   10138252 œª∑  ‘ƒ                      00000274330201620162016000101170    0008
20188µ∑≈‹∑ﬁ›∫≥      601                   10030502∆ºªﬁƒ ƒ–                      00000276760201620162016000101240    0008
20188µ∑≈‹∑ﬁ›∫≥      601                   11189784µµ œ ƒº∫                      00000252810201620162016000101460    0008
20188µ∑≈‹∑ﬁ›∫≥      601                   11295429≥» …ÿ–¬                       00000190290201620162016000101470    0008
20188µ∑≈‹∑ﬁ›∫≥      601                   11185328œ¿ﬁ› ﬁº …Ãﬁ∫                  00000206450201620162016000101550    0008
20188µ∑≈‹∑ﬁ›∫≥      602                   11124339≈∂œ¬ ÷º–¬                     00000274670201620162016000100370    0008
20188µ∑≈‹∑ﬁ›∫≥      602                   11388653º”ºﬁ ∑÷                       00000264010201620162016000100460    0008
20188µ∑≈‹∑ﬁ›∫≥      602                   11124339≈∂œ¬ ÷º–¬                     00000496740201620162016000100700    0008
20188µ∑≈‹∑ﬁ›∫≥      602                   11124339≈∂œ¬ ÷º–¬                     00000263510201620162016000100770    0008
20188µ∑≈‹∑ﬁ›∫≥      602                   11211831Ã√›œ ∂Ωﬁ∫                     00000136290201620162016000100860    0008
20188µ∑≈‹∑ﬁ›∫≥      602                   11369089º›ªﬁƒ ƒ÷                      00000274510201620162016000100890    0008
20188µ∑≈‹∑ﬁ›∫≥      602                   11117890”ÿ∂‹ ª¿ﬁºﬁ                    00000282100201620162016000100900    0008
20188µ∑≈‹∑ﬁ›∫≥      602                   11124339≈∂œ¬ ÷º–¬                     00000125050201620162016000101040    0008
20188µ∑≈‹∑ﬁ›∫≥      602                   11405248≥¥¡ ∫≥≤¡                      00000272970201620162016000101191    0008
20188µ∑≈‹∑ﬁ›∫≥      602                   11211831Ã√›œ ∂Ωﬁ∫                     00000293800201620162016000101360    0008
20188µ∑≈‹∑ﬁ›∫≥      602                   11124339≈∂œ¬ ÷º–¬                     00000309780201620162016000101370    0008
8000037000001199145000036000001171848000001000000027297                                                                 
19110000000376≤º∂ﬁ∑º∫≥‹›∂                             11070596∂≤Œ≥∑ﬁ›∫≥      080               00000000                 
20596∂≤Œ≥∑ﬁ›∫≥      029                   10086298ÃŸ– À€’∑                      00000243730201620162016000100680    0008
20596∂≤Œ≥∑ﬁ›∫≥      080                   10659869≈∂ ÷ºÀ€                       00000340200201620162016000100050    0008
20596∂≤Œ≥∑ﬁ›∫≥      080                   10010514–‘À◊∂›∫≥Œ√Ÿ –‘À◊ ‘ΩÀ€         00001838800201620162016000100190    0008
20596∂≤Œ≥∑ﬁ›∫≥      080                   10010514–‘À◊∂›∫≥Œ√Ÿ –‘À◊ ‘ΩÀ€         00005624900201620162016000100200    0008
20596∂≤Œ≥∑ﬁ›∫≥      080                   10758753≈∂ø» ‘ΩÀ€                     00000544770201620162016000100220    0008
20596∂≤Œ≥∑ﬁ›∫≥      080                   10040863–‘À◊ ‘ΩÀ€                     00000543060201620162016000100430    0008
20596∂≤Œ≥∑ﬁ›∫≥      080                   10688454÷∑ﬁ ºﬁ’›∫                     00000269570201620162016000100470    0008
20596∂≤Œ≥∑ﬁ›∫≥      080                   10607491º›ºﬁÆ≥ ƒ”∂¬                   00000239070201620162016000100810    0008
20596∂≤Œ≥∑ﬁ›∫≥      080                   10669863ƒ≥“ …ÿ∫                       00000380770201620162016000101030    0008
8000009000001002487000009000001002487000000000000000000                                                                 
9                                                                                                                       
